@book{stewart,
  title={Calculus},
  author={Stewart, James},
  year={2015},
  publisher={Cengage Learning}
}